<record><leader>00000cas a2200000 a 4500</leader><controlfield tag="001">30721939</controlfield><controlfield tag="008">940707c19299999oruwr ne      0    0eng c</controlfield><datafield ind1=" " ind2=" " tag="010"><subfield code="a">sn 97071020 </subfield></datafield><datafield ind1=" " ind2=" " tag="040"><subfield code="a">ORY</subfield><subfield code="b">eng</subfield><subfield code="c">ORY</subfield><subfield code="d">OCL</subfield><subfield code="d">OCN</subfield><subfield code="d">OCLCQ</subfield><subfield code="d">ORU</subfield><subfield code="d">OCLCF</subfield><subfield code="d">OCLCO</subfield></datafield><datafield ind1="1" ind2=" " tag="029"><subfield code="a">AU@</subfield><subfield code="b">000025924908</subfield></datafield><datafield ind1=" " ind2=" " tag="037"><subfield code="b">Box 39, 1313 Main, Sweet Home, Or. 97386</subfield></datafield><datafield ind1=" " ind2=" " tag="042"><subfield code="a">pcc</subfield></datafield><datafield ind1=" " ind2=" " tag="043"><subfield code="a">n-us-or</subfield></datafield><datafield ind1="0" ind2=" " tag="130"><subfield code="a">New era (Sweet Home, Or.)</subfield></datafield><datafield ind1="1" ind2="4" tag="245"><subfield code="a">The New era.</subfield></datafield><datafield ind1="1" ind2="7" tag="246"><subfield code="a">Sweet Home new era</subfield></datafield><datafield ind1=" " ind2=" " tag="260"><subfield code="a">Sweet Home, Linn County, Or. :</subfield><subfield code="b">G.H. Crusen</subfield></datafield><datafield ind1=" " ind2=" " tag="300"><subfield code="a">v.</subfield></datafield><datafield ind1=" " ind2=" " tag="310"><subfield code="a">Weekly</subfield></datafield><datafield ind1="1" ind2=" " tag="362"><subfield code="a">Began in 1929.</subfield></datafield><datafield ind1=" " ind2=" " tag="500"><subfield code="a">1930-1939 includes newspaper published during school terms by Sweet Home High School students.</subfield></datafield><datafield ind1=" " ind2=" " tag="500"><subfield code="a">1993- includes newspaper published during school terms by Sweet Home High School students.</subfield></datafield><datafield ind1=" " ind2=" " tag="530"><subfield code="a">Also issued on microfilm from University of Oregon.</subfield></datafield><datafield ind1=" " ind2=" " tag="530"><subfield code="a">Also available online.</subfield></datafield><datafield ind1=" " ind2=" " tag="588"><subfield code="a">Description based on: 1st year, no. 15 (Jan. 3, 1930).</subfield></datafield><datafield ind1=" " ind2=" " tag="588"><subfield code="a">Latest issue consulted: Vol. 68, no. 43 (Oct. 29, 1997).</subfield></datafield><datafield ind1=" " ind2="0" tag="651"><subfield code="a">Sweet Home (Or.)</subfield><subfield code="v">Newspapers.</subfield></datafield><datafield ind1=" " ind2="7" tag="655"><subfield code="a">Newspapers.</subfield><subfield code="2">fast</subfield><subfield code="0">(OCoLC)fst01423814</subfield></datafield><datafield ind1=" " ind2="7" tag="651"><subfield code="a">Oregon</subfield><subfield code="z">Sweet Home.</subfield><subfield code="2">fast</subfield><subfield code="0">(OCoLC)fst01207142</subfield></datafield><datafield ind1="0" ind2="2" tag="740"><subfield code="a">Exasperator.</subfield></datafield><datafield ind1="0" ind2="2" tag="740"><subfield code="a">Huskian.</subfield></datafield><datafield ind1=" " ind2=" " tag="752"><subfield code="a">United States</subfield><subfield code="b">Oregon</subfield><subfield code="c">Linn</subfield><subfield code="d">Sweet Home.</subfield></datafield><datafield ind1="4" ind2="1" tag="856"><subfield code="u">http://www.smalltownpapers.com/newspapers/newspaper.php?id=287</subfield><subfield code="z">SmallTownPapers</subfield></datafield><datafield ind1="4" ind2="1" tag="856"><subfield code="u">http://news.google.com/newspapers?nid=7XUxBq3GufIC&amp;dat=20060322&amp;b_mode=2&amp;hl=en</subfield><subfield code="z">Google News Archive</subfield></datafield></record>